<?xml version="1.0" encoding="UTF-8"?><collection xmlns="http://www.loc.gov/MARC21/slim"><record><leader>00458nam--2200133-i-4500</leader><controlfield tag="001">000025359</controlfield><controlfield tag="002">20161230</controlfield><controlfield tag="005">20161230201035</controlfield><controlfield tag="008">060222s1000------------r-----000-0-eng-d</controlfield><datafield ind1=" " ind2=" " tag="080"><subfield code="a">546.65:015:621.039.325</subfield></datafield><datafield ind1=" " ind2=" " tag="100"><subfield code="a">Imbert, Jean-louis</subfield></datafield><datafield ind1=" " ind2=" " tag="245"><subfield code="a">Etude d`equilibres d`echanges d`ions en milieu eau-hexamethylphosphorotriamide (htmp). application a la separation de terres rares. these</subfield></datafield><datafield ind1=" " ind2=" " tag="260"><subfield code="a">Lyon, Universite Claude-bernard, 1971. 95p</subfield></datafield><datafield ind1=" " ind2=" " tag="852"><subfield code="a">38276</subfield></datafield></record></collection>